<?xml version="1.0" encoding="UTF-8"?><collection xmlns="http://www.loc.gov/MARC21/slim"><record><leader>00333nam--2200133-i-4500</leader><controlfield tag="001">000040653</controlfield><controlfield tag="002">20161230</controlfield><controlfield tag="005">20161230201042</controlfield><controlfield tag="008">060222s1000------------r-----000-0-eng-d</controlfield><datafield ind1=" " ind2=" " tag="080"><subfield code="a">512.972:53</subfield></datafield><datafield ind1=" " ind2=" " tag="100"><subfield code="a">Schouten,J.A</subfield></datafield><datafield ind1=" " ind2=" " tag="245"><subfield code="a">Tensor analysis for physicists</subfield></datafield><datafield ind1=" " ind2=" " tag="260"><subfield code="a">Oxford, Clarendon Press, 1959. Xii + 277 P</subfield></datafield><datafield ind1=" " ind2=" " tag="852"><subfield code="a">17271</subfield></datafield></record></collection>